@inproceedings{goodfellow_generative_2014,
 author = {Goodfellow, Ian and Pouget-Abadie, Jean and Mirza, Mehdi and Xu, Bing and Warde-Farley, David and Ozair, Sherjil and Courville, Aaron and Bengio, Yoshua},
 booktitle = {Advances in Neural Information Processing Systems},
 title = {Generative Adversarial Nets},
 volume = {27},
 year = {2014}
}

@article{yonetani_decentralized_2019,
	title = {Decentralized Learning of Generative Adversarial Networks from Non-iid Data},
	journal = {arXiv/1905.09684},
 author={Ryo Yonetani and Tomohiro Takahashi and Atsushi Hashimoto and Yoshitaka Ushiku},
    year = {2019}
}

@inproceedings{yoon_time-series_2019,
	title = {Time-series Generative Adversarial Networks},
	volume = {32},
	booktitle = {Advances in Neural Information Processing Systems},
	author = {Yoon, Jinsung and Jarrett, Daniel and van der Schaar, Mihaela},
	year = {2019},
}

@article{hochreiter_long_1997,
	title = {Long {Short}-{Term} {Memory}},
	volume = {9},
	number = {8},
	journal = {Neural Computation},
	author = {Hochreiter, Sepp and Schmidhuber, Jürgen},
	month = nov,
	year = {1997},
	pages = {1735--1780},
}

@inproceedings{hardy_md-gan_2019,
	title = {{MD}-{GAN}: Multi-Discriminator Generative Adversarial Networks for Distributed Datasets},
	pages = {866--877},
	booktitle = {International Parallel and Distributed Processing Symposium},
	author = {Hardy, Corentin and Merrer, Erwan Le and Sericola, Bruno},
	year = {2019}
}
@misc{onoszko_decentralized_2021,
	title = {Decentralized federated learning of deep neural networks on non-iid data},
	url = {http://arxiv.org/abs/2107.08517},
	number = {{arXiv}:2107.08517},
	publisher = {{arXiv}},
	author = {Onoszko, Noa and Karlsson, Gustav and Mogren, Olof and Zec, Edvin Listo},
	urldate = {2022-08-29},
	date = {2021-07-20},
	eprinttype = {arxiv},
	eprint = {2107.08517 [cs]},
	keywords = {Computer Science - Machine Learning},
}
@article{ekblom_effgan_2022,
	title = {{EFFGAN}: Ensembles of fine-tuned federated {GANs}},
	journal = {arXiv/2206.11682},
 author={Ebba Ekblom and Edvin Listo Zec and Olof Mogren},
    year = {2022}
}
@article{plesner_fetgan_2021,
    title = {{FeTGAN}: {Federated} {Time}-{Series} {Generative} {Adversarial} {Network}},
    shorttitle = {{FeTGAN}},
    journal = {Unknown},
    abstract = {The key to producing high-fidelity time-series data...},
    language = {en},
    urldate = {2023-05-28},
    author = {Plesner, M. K.},
    year = {2021},
}

@INPROCEEDINGS{xu_reliability_2021,
  author={Xu, Weihuang and Souly, Nasim and Brahma, Pratik Prabhanjan},
  booktitle={2021 IEEE Winter Conference on Applications of Computer Vision Workshops (WACVW)}, 
  title={Reliability of GAN Generated Data to Train and Validate Perception Systems for Autonomous Vehicles}, 
  year={2021},
  volume={},
  number={},
  pages={171-180},
  doi={10.1109/WACVW52041.2021.00023}
}

@InProceedings{miyato_spectral_2018,
  title={Spectral Normalization for Generative Adversarial Networks},
  author={Miyato, Takeru and Kataoka, Toshiki and Koyama, Masanori and Yoshida, Yuichi},
  booktitle={International Conference on Learning Representations ({ICLR})},
  year={2018}
}

@article{Ismail_Fawaz_2019,
	year = 2019,
	volume = {33},
	number = {4},
	pages = {917--963},
	author = {Hassan Ismail Fawaz and Germain Forestier and Jonathan Weber and Lhassane Idoumghar and Pierre-Alain Muller},
	title = {Deep learning for time series classification: a review},
	journal = {Data Mining and Knowledge Discovery}
}

@incollection{he_spatial_2014,
	title = {Spatial {Pyramid} {Pooling} in {Deep} {Convolutional} {Networks} for {Visual} {Recognition}},
	volume = {8691},
 author = {He, Kaiming and Zhang, Xiangyu and Ren, Shaoqing and Sun, Jian},
	year = {2014},
	pages = {346--361},
	booktitle = {Advances in Neural Information Processing Systems}
}

@InProceedings{adam_optimizer,
  title={Adam: A Method for Stochastic Optimization},
  author={Kingma, D.P. and Ba, J.},
  booktitle={International Conference on Learning Representations ({ICLR})},
  year={2015}
}

@ARTICLE{rnntimeseries,
  author={Connor, J.T. and Martin, R.D. and Atlas, L.E.},
  journal={IEEE Transactions on Neural Networks}, 
  title={Recurrent neural networks and robust time series prediction}, 
  year={1994},
  volume={5},
  number={2},
  pages={240-254},
  doi={10.1109/72.279188}
}

@misc{esteban2017realvalued,
      title={Real-valued (Medical) Time Series Generation with Recurrent Conditional GANs}, 
      author={Cristóbal Esteban and Stephanie L. Hyland and Gunnar Rätsch},
      year={2017},
      eprint={1706.02633},
      archivePrefix={arXiv},
      primaryClass={stat.ML}
}

@article{hinton2015distilling,
      title={Distilling the Knowledge in a Neural Network}, 
      author={Geoffrey Hinton and Oriol Vinyals and Jeff Dean},
      year={2015},
      journal={arXiv/1503.02531}
}

@article{alcaraz_diffusion-based_2022,
	title = {Diffusion-based Time Series Imputation and Forecasting with Structured State Space Models},
	author = {Alcaraz, Juan Miguel Lopez and Strodthoff, Nils},
	journal={Transactions on Machine Learning Research},
    year={2022}
}

@inproceedings{guerraoui_fegan_2020,
	title = {{FeGAN}: Scaling Distributed {GANs}},
	booktitle = {Annual {ACM}/{IFIP} Middleware conference},
	author = {Guerraoui, Rachid and Guirguis, Arsany and Kermarrec, Anne-Marie and Le Merrer, Erwan},
        year = {2020}
}