@ARTICLE{Li2022Features,
  author={Li, Xuan and Ye, Peijun and Li, Juanjuan and Liu, Zhongmin and Cao, Longbing and Wang, Fei-Yue},
  journal={IEEE Intelligent Systems}, 
  title={From Features Engineering to Scenarios Engineering for Trustworthy AI: I\&I, C\&C, and V\&V}, 
  year={2022},
  volume={37},
  number={4},
  pages={18--26}
}

@ARTICLE{Li2023Parallel,
  author={Li, Xuan and Wang, Kunfeng and Gu, Xianfeng and Deng, Fang and Wang, Fei-Yue},
  journal={IEEE Transactions on Systems, Man, and Cybernetics: Systems}, 
  title={ParallelEye Pipeline: An Effective Method to Synthesize Images for Improving the Visual Intelligence of Intelligent Vehicles}, 
  year={2023},
  volume={53},
  number={9},
  pages={5545--5556}
}

@ARTICLE{Li2023Novel,
  author={Li, Xuan and Tian, Yonglin and Ye, Peijun and Duan, Haibin and Wang, Fei-Yue},
  journal={IEEE Transactions on Systems, Man, and Cybernetics: Systems}, 
  title={A Novel Scenarios Engineering Methodology for Foundation Models in Metaverse}, 
  year={2023},
  volume={53},
  number={4},
  pages={2148--2159}
}

@inproceedings{tsai2015adaptive,
  title={Adaptive region pooling for object detection},
  author={Tsai, Yi-Hsuan and Hamsici, Onur C and Yang, Ming-Hsuan},
  booktitle={IEEE Conference on Computer Vision and Pattern Recognition},
  pages={731--739},
  year={2015}
}

@INPROCEEDINGS{Liu2017Adaptive,
  author={Liu, Dong and Zhou, Yizhou and Sun, Xiaoyan and Zha, Zhengjun and Zeng, Wenjun},
  booktitle={IEEE International Conference on Computer Vision Workshops}, 
  title={Adaptive Pooling in Multi-instance Learning for Web Video Annotation}, 
  year={2017},
  pages={318--327}
}

@inproceedings{ranjan2020asap,
  title={Asap: Adaptive structure aware pooling for learning hierarchical graph representations},
  author={Ranjan, Ekagra and Sanyal, Soumya and Talukdar, Partha},
  booktitle={AAAI Conference on Artificial Intelligence},
  volume={34},
  number={4},
  pages={5470--5477},
  year={2020}
}


@article{CHEN2020106303,
	author = {Huazhou Chen and An Chen and Lili Xu and Hai Xie and Hanli Qiao and Qinyong Lin and Ken Cai},
	journal = {Agricultural Water Management},
	pages = {106303},
	title = {A deep learning CNN architecture applied in smart near-infrared analysis of water pollution for agricultural irrigation resources},
	volume = {240},
	year = {2020}
}

@article{lecun2015deep,
  title={Deep learning},
  author={LeCun, Yann and Bengio, Yoshua and Hinton, Geoffrey},
  journal={Nature},
  volume={521},
  number={7553},
  pages={436--444},
  year={2015}
}


@inproceedings{goodfellow_generative_2014,
 author = {Goodfellow, Ian and Pouget-Abadie, Jean and Mirza, Mehdi and Xu, Bing and Warde-Farley, David and Ozair, Sherjil and Courville, Aaron and Bengio, Yoshua},
 booktitle = {Advances in Neural Information Processing Systems},
 title = {Generative Adversarial Nets},
 volume = {27},
 year = {2014}
}

@article{yonetani_decentralized_2019,
	title = {Decentralized Learning of Generative Adversarial Networks from Non-iid Data},
	journal = {arXiv/1905.09684},
 author={Ryo Yonetani and Tomohiro Takahashi and Atsushi Hashimoto and Yoshitaka Ushiku},
    year = {2019}
}

@inproceedings{yoon_time-series_2019,
	title = {Time-series Generative Adversarial Networks},
	volume = {32},
	booktitle = {Advances in Neural Information Processing Systems},
	author = {Yoon, Jinsung and Jarrett, Daniel and van der Schaar, Mihaela},
	year = {2019},
}

@article{hochreiter_long_1997,
	title = {Long {Short}-{Term} {Memory}},
	volume = {9},
	number = {8},
	journal = {Neural Computation},
	author = {Hochreiter, Sepp and Schmidhuber, Jürgen},
	month = nov,
	year = {1997},
	pages = {1735--1780},
}

@inproceedings{hardy_md-gan_2019,
	title = {{MD}-{GAN}: Multi-Discriminator Generative Adversarial Networks for Distributed Datasets},
	pages = {866--877},
	booktitle = {International Parallel and Distributed Processing Symposium},
	author = {Hardy, Corentin and Merrer, Erwan Le and Sericola, Bruno},
	year = {2019}
}
@misc{onoszko_decentralized_2021,
	title = {Decentralized federated learning of deep neural networks on non-iid data},
	url = {http://arxiv.org/abs/2107.08517},
	number = {{arXiv}:2107.08517},
	publisher = {{arXiv}},
	author = {Onoszko, Noa and Karlsson, Gustav and Mogren, Olof and Zec, Edvin Listo},
	urldate = {2022-08-29},
	date = {2021-07-20},
	eprinttype = {arxiv},
	eprint = {2107.08517 [cs]},
	keywords = {Computer Science - Machine Learning},
}
@article{ekblom_effgan_2022,
	title = {{EFFGAN}: Ensembles of fine-tuned federated {GANs}},
	journal = {arXiv/2206.11682},
 author={Ebba Ekblom and Edvin Listo Zec and Olof Mogren},
    year = {2022}
}
@article{plesner_fetgan_2021,
    title = {{FeTGAN}: {Federated} {Time}-{Series} {Generative} {Adversarial} {Network}},
    shorttitle = {{FeTGAN}},
    journal = {Unknown},
    abstract = {The key to producing high-fidelity time-series data...},
    language = {en},
    urldate = {2023-05-28},
    author = {Plesner, M. K.},
    year = {2021},
}

@INPROCEEDINGS{xu_reliability_2021,
  author={Xu, Weihuang and Souly, Nasim and Brahma, Pratik Prabhanjan},
  booktitle={2021 IEEE Winter Conference on Applications of Computer Vision Workshops (WACVW)}, 
  title={Reliability of GAN Generated Data to Train and Validate Perception Systems for Autonomous Vehicles}, 
  year={2021},
  volume={},
  number={},
  pages={171-180},
  doi={10.1109/WACVW52041.2021.00023}
}

@InProceedings{miyato_spectral_2018,
  title={Spectral Normalization for Generative Adversarial Networks},
  author={Miyato, Takeru and Kataoka, Toshiki and Koyama, Masanori and Yoshida, Yuichi},
  booktitle={International Conference on Learning Representations ({ICLR})},
  year={2018}
}

@article{Ismail_Fawaz_2019,
	year = 2019,
	volume = {33},
	number = {4},
	pages = {917--963},
	author = {Hassan Ismail Fawaz and Germain Forestier and Jonathan Weber and Lhassane Idoumghar and Pierre-Alain Muller},
	title = {Deep learning for time series classification: a review},
	journal = {Data Mining and Knowledge Discovery}
}

@incollection{he_spatial_2014,
	title = {Spatial {Pyramid} {Pooling} in {Deep} {Convolutional} {Networks} for {Visual} {Recognition}},
	volume = {8691},
 author = {He, Kaiming and Zhang, Xiangyu and Ren, Shaoqing and Sun, Jian},
	year = {2014},
	pages = {346--361},
	booktitle = {Advances in Neural Information Processing Systems}
}

@InProceedings{adam_optimizer,
  title={Adam: A Method for Stochastic Optimization},
  author={Kingma, D.P. and Ba, J.},
  booktitle={International Conference on Learning Representations ({ICLR})},
  year={2015}
}

@ARTICLE{rnntimeseries,
  author={Connor, J.T. and Martin, R.D. and Atlas, L.E.},
  journal={IEEE Transactions on Neural Networks}, 
  title={Recurrent neural networks and robust time series prediction}, 
  year={1994},
  volume={5},
  number={2},
  pages={240-254},
  doi={10.1109/72.279188}
}

@misc{esteban2017realvalued,
      title={Real-valued (Medical) Time Series Generation with Recurrent Conditional GANs}, 
      author={Cristóbal Esteban and Stephanie L. Hyland and Gunnar Rätsch},
      year={2017},
      eprint={1706.02633},
      archivePrefix={arXiv},
      primaryClass={stat.ML}
}

@article{hinton2015distilling,
      title={Distilling the Knowledge in a Neural Network}, 
      author={Geoffrey Hinton and Oriol Vinyals and Jeff Dean},
      year={2015},
      journal={arXiv/1503.02531}
}

@article{alcaraz_diffusion-based_2022,
	title = {Diffusion-based Time Series Imputation and Forecasting with Structured State Space Models},
	author = {Alcaraz, Juan Miguel Lopez and Strodthoff, Nils},
	journal={Transactions on Machine Learning Research},
    year={2022}
}

@inproceedings{guerraoui_fegan_2020,
	title = {{FeGAN}: Scaling Distributed {GANs}},
	booktitle = {Annual {ACM}/{IFIP} Middleware conference},
	author = {Guerraoui, Rachid and Guirguis, Arsany and Kermarrec, Anne-Marie and Le Merrer, Erwan},
        year = {2020}
}